@book{pythoncookbook,
  title={Python Cookbook, 2nd Edition},
  author={Martelli, Alex and Ravenscroft, Anna and Ascher, David},
  year={2008},
  publisher={" O'Reilly Media, Inc."}
}

@book{tanenbaum2009m,
  title={Modern Operating Systems, 4Ed},
  author={Tanenbaum, Andrew S.},
  year={2009},
  publisher={Pearson Education, Inc}
}